@website{towardsdatascience,
url = {https://towardsdatascience.com/a-comprehensive-guide-to-convolutional-neural-networks-the-eli5-way-3bd2b1164a53},
urldate = 08-07-2021,
author = {Sumit Saha}
}

@website{relu,
  url = {https://machinelearningmastery.com/rectified-linear-activation-function-for-deep-learning-neural-networks/},
  urldate = 08-07-2021,
  author = {Jason Brownlee}
  }